%%
%% DBLP + 著者名 などでググると BibTeX の書き方がヒットします．
%% DBLP の内容は比較的信用できますが，時々間違っているので注意が必要です．
%% 特に，論文タイトルなどで，固有名詞がちゃんと大文字になっていないことがあるので，
%% その場合は大文字にすべきところを {...} で囲って下さい．
%% （BibTeX では，先頭の文字を除いて，勝手に小文字に変換されます．）
%%
%% ex)  title = {OCaml for Numerical Analysis}
%% ==>  title = {{OC}aml for Numerical Analysis}
%%

%%（これは DBLP ではなく，Pierce の Web ページから持ってきたもの）
@book{Pierce:TypeSystems,
  author = {Benjamin C. Pierce},
  title = {Types and Programming Languages},
  publisher = {MIT Press},
  year = 2002,
  plclub = {Yes},
  bcp = {Yes},
  keys = {books},
  homepage = {http://www.cis.upenn.edu/~bcpierce/tapl},
  errata = {http://www.cis.upenn.edu/~bcpierce/tapl/errata.txt}
}
